%%
%% WinShell 3.3.0.3
%% http://www.winshell.org/
%%

% Strings


% Preamble


% BibTeX Entries


@article{zhang_shasha,
author = {Kaizhong Zhang and Dennis Shasha},
title = {{Simple Fast Algorithms for the Editing Distance Between Trees and Related Problems}},
journal = {Siam Journal on Computing},
volume = {18},
year = {1989},
pages = {1245--1262},
issue = {6},
masid = {1336146}
}

@inproceedings{klein,
 author = {Klein, Philip N.},
 title = {Computing the Edit-Distance Between Unrooted Ordered Trees},
 booktitle = {Proceedings of the 6th Annual European Symposium on Algorithms},
 series = {ESA '98},
 year = {1998},
 isbn = {3-540-64848-8},
 pages = {91--102},
 numpages = {12},
 url = {http://dl.acm.org/citation.cfm?id=647908.740125},
 acmid = {740125},
 publisher = {Springer-Verlag},
 address = {London, UK, UK},
}

@incollection{mias_1,
year={2011},
isbn={978-3-642-22672-4},
booktitle={Intelligent Computer Mathematics},
volume={6824},
series={Lecture Notes in Computer Science},
editor={Davenport, JamesH. and Farmer, WilliamM. and Urban, Josef and Rabe, Florian},
doi={10.1007/978-3-642-22673-1_16},
title={Indexing and Searching Mathematics in Digital Libraries},
url={http://dx.doi.org/10.1007/978-3-642-22673-1_16},
publisher={Springer Berlin Heidelberg},
keywords={math indexing and retrieval; mathematical digital libraries; information systems; information retrieval; mathematical content search; document ranking of mathematical papers; math text mining; MIaS; WebMIaS},
author={Sojka, Petr and L\'{i}\v{s}ka, Martin},
pages={228-243}
}

@inproceedings{egomath2,
 author = {Mi\v{s}utka, Jozef and Galambo\v{s}, Leo},
 title = {System Description: EgoMath2 As a Tool for Mathematical Searching on Wikipedia.Org},
 booktitle = {Proceedings of the 18th Calculemus and 10th International Conference on Intelligent Computer Mathematics},
 series = {MKM'11},
 year = {2011},
 isbn = {978-3-642-22672-4},
 location = {Bertinoro, Italy},
 pages = {307--309},
 numpages = {3},
 url = {http://dl.acm.org/citation.cfm?id=2032713.2032746},
 acmid = {2032746},
 publisher = {Springer-Verlag},
 address = {Berlin, Heidelberg},
}

@article{egomath1,
 author = {Mi\v{s}utka, Jozef and Galambo\v{s}, Leo},
 title = {Extending Full Text Search Engine for Mathematical Content},
 journal = {Towards Digital Mathematics Library},
 year = {2008},
 isbn = {978-3-642-22672-4},
 location = {Birmingham, United Kingdom},
 pages = {55--67},
}

@article{demaine,
author = {Erik D. Demaine and Shay Mozes and Benjamin Rossman and Oren Weimann},
title = {{An Optimal Decomposition Algorithm for Tree Edit Distance}},
journal = {ACM Transactions on Algorithms},
volume = {6},
year = {2007},
pages = {146--157},
issue = {1},
doi = {10.1007/978-3-540-73420-8_15},
masid = {4160955}
}

@incollection{probabilistic_relevance_model,
 author = {Robertson, Stephen E. and Sparck Jones, Karen},
 chapter = {Relevance Weighting of Search Terms},
 title = {Document Retrieval Systems},
 editor = {Willett, Peter},
 year = {1988},
 isbn = {0-947568-21-2},
 pages = {143--160},
 numpages = {18},
 url = {http://dl.acm.org/citation.cfm?id=106765.106783},
 acmid = {106783},
 publisher = {Taylor Graham Publishing},
 address = {London, UK, UK},
}

 
@article{okapibm25,
 author = {Robertson, Stephen and Zaragoza, Hugo},
 title = {The Probabilistic Relevance Framework: BM25 and Beyond},
 journal = {Found. Trends Inf. Retr.},
 issue_date = {April 2009},
 volume = {3},
 number = {4},
 month = apr,
 year = {2009},
 issn = {1554-0669},
 pages = {333--389},
 numpages = {57},
 url = {http://dx.doi.org/10.1561/1500000019},
 doi = {10.1561/1500000019},
 acmid = {1704810},
 publisher = {Now Publishers Inc.},
 address = {Hanover, MA, USA},
}

@misc{math_groups,
  author = "Xah Lee",
  title = "Unicode: Math Symbols",
  year = {2010},
  note = {\url{http://web.archive.org/web/20131223003502/http://xahlee.info/comp/unicode_math_operators.html}},
  urldate = {2014-02-13}
}

@misc{math_groups,
  author = "Xah Lee",
  title = "Unicode: Math Symbols",
  year = {2010},
  note = {\url{http://web.archive.org/web/20131223003502/http://xahlee.info/comp/unicode_math_operators.html}},
  urldate = {2014-02-13}
}

@misc{latexml,
  author = "Bruce Miller",
  title = " LaTeXML A LaTeX to XML Converter ",
  note = {\url{http://dlmf.nist.gov/LaTeXML/}},
  urldate = {2014-02-14}
}

@misc{tex4ht2,
  title = "TeX4ht: LaTeX and TeX for Hypertext",
  note = {\url{https://www.tug.org/applications/tex4ht/mn.html}},
  urldate = {2014-02-14}
}

@misc{latexmathml,
  title = "A Brief Description of LaTeXMathML ",
  note = {\url{http://math.etsu.edu/LaTeXMathML/}},
  year = {2007},
  urldate = {2014-02-17}
}

@article{latexcomparison,
title = "(MathML-aware article conversion from LaTeX â€” A comparison study)",
author = "Heinrich Stamerjohanns; Deyan Ginev; Catalin David; Dimitar Misev; Vladimir Zamdzhiev; Michael Kohlhase",
year = {2008},
publisher = "{Cahiers GUTemberg}",
volume = {51},
pages = {7-28}
}

@inproceedings{maxtract1,
 author = {Baker, Josef B. and Sexton, Alan P. and Sorge, Volker},
 title = {MaxTract: Converting PDF to LATEX, MathML and Text},
 booktitle = {Proceedings of the 11th International Conference on Intelligent Computer Mathematics},
 series = {CICM'12},
 year = {2012},
 isbn = {978-3-642-31373-8},
 location = {Bremen, Germany},
 pages = {422--426},
 numpages = {5},
 url = {http://dx.doi.org/10.1007/978-3-642-31374-5_29},
 doi = {10.1007/978-3-642-31374-5_29},
 acmid = {2352842},
 publisher = {Springer-Verlag},
 address = {Berlin, Heidelberg},
}

@misc{maxtract2,
 title = "Maxtract - Scientific Document Analysis Group",
 year = {2012},
 note = {\url{http://www.cs.bham.ac.uk/research/groupings/reasoning/sdag/maxtract.php}},
 urldate = {2014-02-17}
}

@inproceedings{infty1,
 author = {Suzuki, Masakazu and Tamari, Fumikazu and Fukuda, Ryoji and Uchida, Seiichi and Kanahori, Toshihiro},
 title = {INFTY: An Integrated OCR System for Mathematical Documents},
 booktitle = {Proceedings of the 2003 ACM Symposium on Document Engineering},
 series = {DocEng '03},
 year = {2003},
 isbn = {1-58113-724-9},
 location = {Grenoble, France},
 pages = {95--104},
 numpages = {10},
 url = {http://doi.acm.org/10.1145/958220.958239},
 doi = {10.1145/958220.958239},
 acmid = {958239},
 publisher = {ACM},
 address = {New York, NY, USA},
 keywords = {character and symbol recognition, mathematical OCR, structure analysis of mathematical expressions},
}

@misc{infty2,
 title = "InftyReader",
 year = {2013},
 note = {\url{http://www.sciaccess.net/en/InftyReader/}},
 urldate = {2014-02-17}
}

@inproceedings{vector_space_model,
 author = {Wong, S. K. M. and Raghavan, Vijay V.},
 title = {Vector Space Model of Information Retrieval: A Reevaluation},
 booktitle = {Proceedings of the 7th Annual International ACM SIGIR Conference on Research and Development in Information Retrieval},
 series = {SIGIR '84},
 year = {1984},
 isbn = {0-521-26865-6},
 location = {Cambridge, England},
 pages = {167--185},
 numpages = {19},
 url = {http://dl.acm.org/citation.cfm?id=636805.636816},
 acmid = {636816},
 publisher = {British Computer Society},
 address = {Swinton, UK, UK},
}

@incollection{mathwebsearch,
year={2012},
isbn={978-3-642-31373-8},
booktitle={Intelligent Computer Mathematics},
volume={7362},
series={Lecture Notes in Computer Science},
editor={Jeuring, Johan and Campbell, JohnA. and Carette, Jacques and Reis, Gabriel and Sojka, Petr and Wenzel, Makarius and Sorge, Volker},
doi={10.1007/978-3-642-31374-5_23},
title={MathWebSearch 0.5: Scaling an Open Formula Search Engine},
url={http://dx.doi.org/10.1007/978-3-642-31374-5_23},
publisher={Springer Berlin Heidelberg},
author={Kohlhase, Michael and Matican, BogdanA. and Prodescu, Corneliu-Claudiu},
pages={342-357}
}

@incollection{ substitution_tree_indexing,
year={1995},
isbn={978-3-540-59200-6},
booktitle={Rewriting Techniques and Applications},
volume={914},
series={Lecture Notes in Computer Science},
editor={Hsiang, Jieh},
doi={10.1007/3-540-59200-8_52},
title={Substitution tree indexing},
url={http://dx.doi.org/10.1007/3-540-59200-8_52},
publisher={Springer Berlin Heidelberg},
author={Graf, Peter},
pages={117-131}
}
