%%
%% WinShell 3.3.0.3
%% http://www.winshell.org/
%%

% Strings


% Preamble


% BibTeX Entries






@book{henein,
 address              = {Lausanne, Switzerland},
 author               = {Henein, S.},
 publisher            = {Presses Polytechniques et Universitaires Romandes},
 title                = {Conception des guidages flexibles},
 year                 = {2004},
 }
 

@book{botsis,
 address              = {Lausanne, Switzerland},
 author               = {Botsis, J.},
 publisher            = {Presses Polytechniques et Universitaires Romandes},
 title                = {Introduction à la mécanique des solides et des structures},
 year                 = {2004},
 }


@article{sigma,
 author               = {Petersen, K E},
 journal              = {Proceedings of the IEEE},
 number               = {5},
 pages                = {420-457},
 title                = {Silicon as a mechanical material},
 volume               = {70},
 year                 = {1982},
 }
 
 
@inproceedings{Emax,
 address              = {San Francisco, CA, USA},
 author               = {Fan, L-S and Tai, Y-C and Muller, R S},
 booktitle            = {Tech. Dig. IEEE Int. Electron Devices Meeting (IEDM '88)},
 month                = {December},
 pages                = {666-669},
 title                = {\uppercase{IC}-processed electrostatic micro-motors},
 year                 = {1988},
 }
 

 @inproceedings{aerospace,
 address              = {San Sebastian, Spain},
 author               = {Henein, S and Spanoudakis, P and Droz, S and Myklebust, L I and Onillon, E},
 booktitle            = {Proc. 10$^{\,th}$ European Space Mechanisms $\&$ Tribology Symposium (ESMATS) -- European Space Agency Special Publication (ESA SP)},
 number               = {524},
 pages                = {285-288},
 title                = {Flexure pivot for aerospace mechanisms},
 year                 = {2003},
 }
 

 @inproceedings{transducers,
author			={Sarajlic E. Yamahata C. Cordero M. Jalabert L. Iizuka T. Fujita H.},
title			={Single mask 3-phase electrostatic rotary stepper micromotor},
journal			={TRANSDUCERS 2009 - 15th International Conference on Solid-State Sensors, Actuators and Microsystems},
year			={2009},
pages			={1505-1508},
art_number		={5285801},
document_type	={Conference Paper},
source			={Scopus},
}
%note			={cited By (since 1996) 0},

@misc  {confidential,
 author               = {Sarajlic, E. and Yamahata, C. and Cordero, M. and Fujita, H.},
 title                = {Three-Phase Electrostatic Rotary Stepper Micromotor with a Flexural Pivot Bearing}, 
 journal			={ Journal of Microelectromechanical Systems},
 note				={soon to appear},
 year 				  = 2010,
 }

 
@article{linéar,
 author               = {Sarajlic, E. and Yamahata, C. and Cordero, M. and Fujita, H.},
 journal              = {Journal of Micromechanics and Microengineering},
 month                = {July},
 number               = {7},
 pages                = {074001 (7 pp.)},
 title                = {An electrostatic 3-phase linear stepper motor fabricated by vertical trench isolation technology},
 volume               = {19},
 year                 = {2009},
 }


 